<?xml version="1.0" encoding="UTF-8"?><record xmlns="http://www.loc.gov/MARC21/slim" xmlns:cinclude="http://apache.org/cocoon/include/1.0" xmlns:zs="http://www.loc.gov/zing/srw/">
  <leader>00393nz  a2200133n  4500</leader>
  <controlfield tag="001">no 96023758 </controlfield>
  <controlfield tag="003">DLC</controlfield>
  <controlfield tag="005">19960508054632.0</controlfield>
  <controlfield tag="008">960507n| acannaab|          |n aaa     c</controlfield>
  <datafield tag="010" ind1=" " ind2=" ">
    <subfield code="a">no 96023758 </subfield>
  </datafield>
  <datafield tag="035" ind1=" " ind2=" ">
    <subfield code="a">(OCoLC)oca04073028 </subfield>
  </datafield>
  <datafield tag="040" ind1=" " ind2=" ">
    <subfield code="a">Tx</subfield>
    <subfield code="c">Tx</subfield>
  </datafield>
  <datafield tag="100" ind1="1" ind2="0">
    <subfield code="a">Harmel, Denise</subfield>
  </datafield>
  <datafield tag="670" ind1=" " ind2=" ">
    <subfield code="a">Self-guided trail brochure for the Old Tunnel ... 1996:</subfield>
    <subfield code="b">t.p. (Denise Harmel; Tex. Parks and Wildlife Dept.)</subfield>
  </datafield>
</record>